
@article{gracia2018,
	title = {Causes and effects of galamsey in Ghana},
	author = {Gracia, Zindzy},
	year = {2018},
	month = {01},
	date = {2018-01-31},
	journal = {Yen.com.gh - Ghana news.},
	url = {https://yen.com.gh/104844-causes-effects-galamsey-ghana.html}
}

@article{womendi2009,
	title = {Women die in Ghana mine collapse},
	year = {2009},
	month = {11},
	date = {2009-11-12},
	url = {http://news.bbc.co.uk/2/hi/africa/8356343.stm}
}

@article{womendi2009,
	title = {Women die in Ghana mine collapse},
	year = {2009},
	month = {11},
	date = {2009-11-12},
	url = {http://news.bbc.co.uk/2/hi/africa/8356343.stm}
}

@article{ansah2017,
	title = {Galamsey, pollution destroying water bodies in Ghana - Water Company},
	author = {Ansah, Marian Efe},
	year = {2017},
	month = {03},
	date = {2017-03-22},
	journal = {Ghana News},
	url = {http://www.leakxgh.com/2017/05/galamsey-pollution-destroying-water.html}
}

@article{allotey2017,
	title = {Stop galamsey in 3 weeks or face the law - Amewu},
	author = {Allotey, Godwin Akweiteh},
	year = {2017},
	month = {03},
	date = {2017-03-29},
	journal = {Ghana News},
	url = {http://citifmonline.com/2017/03/29/stop-galamsey-in-3-weeks-or-face-the-law-amewu/}
}

@article{allotey2017,
	title = {Stop galamsey in 3 weeks or face the law - Amewu},
	author = {Allotey, Godwin Akweiteh},
	year = {2017},
	month = {03},
	date = {2017-03-29},
	journal = {Ghana News},
	url = {http://citifmonline.com/2017/03/29/stop-galamsey-in-3-weeks-or-face-the-law-amewu/}
}

@article{gyekye,
	title = {MD of Ghana Water Company Limited says fight against galamsey is being lost},
	author = {Gyekye, Joyce},
	journal = {Ghana Broadcasting Corporation},
	url = {http://www.gbcghana.com/1.11923484}
}

@article{gyekye,
	title = {MD of Ghana Water Company Limited says fight against galamsey is being lost},
	author = {Gyekye, Joyce},
	journal = {Ghana Broadcasting Corporation},
	url = {http://www.gbcghana.com/1.11923484}
}

@article{owusu-nimo2018,
	title = {Spatial distribution patterns of illegal artisanal small scale gold mining (Galamsey) operations in Ghana: A focus on the Western Region},
	author = {Owusu-Nimo, F. and Mantey, J. and Nyarko, K. B. and Appiah-Effah, Eugene and Aubynn, A.},
	year = {2018},
	month = {02},
	date = {2018-02-01},
	journal = {Heliyon},
	pages = {e00534},
	volume = {4},
	number = {2},
	doi = {10.1016/j.heliyon.2018.e00534},
	url = {http://www.sciencedirect.com/science/article/pii/S2405844017325963},
	note = {Publisher: Elsevier Ltd}
}

@article{owusu-nimo2018,
	title = {Spatial distribution patterns of illegal artisanal small scale gold mining (Galamsey) operations in Ghana: A focus on the Western Region},
	author = {Owusu-Nimo, F. and Mantey, J. and Nyarko, K. B. and Appiah-Effah, Eugene and Aubynn, A.},
	year = {2018},
	month = {02},
	date = {2018-02-01},
	journal = {Heliyon},
	pages = {e00534},
	volume = {4},
	number = {2},
	doi = {10.1016/j.heliyon.2018.e00534},
	url = {http://www.sciencedirect.com/science/article/pii/S2405844017325963},
	note = {Publisher: Elsevier Ltd}
}

@article{barenblitt2021,
	title = {The large footprint of small-scale artisanal gold mining in Ghana},
	author = {Barenblitt, Abigail and Payton, Amanda and Lagomasino, David and Fatoyinbo, Lola and Asare, Kofi and Aidoo, Kenneth and Pigott, Hugo and Som, Charles Kofi and Smeets, Laurent and Seidu, Omar and Wood, Danielle},
	year = {2021},
	month = {08},
	date = {2021-08-10},
	journal = {Science of the Total Environment},
	volume = {781},
	doi = {10.1016/j.scitotenv.2021.146644},
	note = {PMID: 33812105
Publisher: Elsevier B.V.}
}

@article{barenblitt2021,
	title = {The large footprint of small-scale artisanal gold mining in Ghana},
	author = {Barenblitt, Abigail and Payton, Amanda and Lagomasino, David and Fatoyinbo, Lola and Asare, Kofi and Aidoo, Kenneth and Pigott, Hugo and Som, Charles Kofi and Smeets, Laurent and Seidu, Omar and Wood, Danielle},
	year = {2021},
	month = {08},
	date = {2021-08-10},
	journal = {Science of the Total Environment},
	volume = {781},
	doi = {10.1016/j.scitotenv.2021.146644},
	note = {PMID: 33812105
Publisher: Elsevier B.V.}
}


@article{goldgu2017,
	title = {Gold, guns and China: Ghana's fight to end galamsey},
	year = {2017},
	month = {05},
	date = {2017-05-30},
	journal = {African Arguments},
	url = {https://africanarguments.org/2017/05/30/gold-guns-and-china-ghanas-fight-to-end-galamsey/}
}

@article{owusu-nimo2018a,
	title = {Spatial distribution patterns of illegal artisanal small scale gold mining (Galamsey) operations in Ghana: A focus on the Western Region},
	author = {Owusu-Nimo, F. and Mantey, J. and Nyarko, K. B. and Appiah-Effah, Eugene and Aubynn, A.},
	year = {2018},
	month = {02},
	date = {2018-02-01},
	journal = {Heliyon},
	pages = {e00534},
	volume = {4},
	number = {2},
	doi = {10.1016/J.HELIYON.2018.E00534},
	note = {Publisher: Elsevier}
}

@article{ferring2016,
	title = {Site specific: Heterogeneity of small-scale gold mining in ghana},
	author = {Ferring, David and Hausermann, Heidi and Effah, Emmanuel},
	year = {2016},
	month = {01},
	date = {2016-01-01},
	journal = {Extractive Industries and Society},
	pages = {171--184},
	volume = {3},
	number = {1},
	doi = {10.1016/j.exis.2015.11.014},
	note = {Publisher: Elsevier Ltd}
}

@misc{confiden,
	title = {Confidence intervals: An empirical investigation of the series in the M-competition - ScienceDirect},
	url = {https://www.sciencedirect.com/science/article/abs/pii/0169207087900458}
}

@article{library2015,
	title = {Long-term runoff study using SARIMA and ARIMA models in the United States},
	author = {Library, Wiley Online and Valipour, Mohammad},
	year = {2015},
	month = {07},
	date = {2015-07-01},
	journal = {Meteorological Applications},
	pages = {592--598},
	volume = {22},
	number = {3},
	doi = {10.1002/MET.1491},
	url = {https://onlinelibrary.wiley.com/doi/full/10.1002/met.1491},
	note = {Publisher: John Wiley & Sons, Ltd}
}

@article{alex2013,
	title = {Climate Change Responsible for Global Vegetation Change},
	author = {Alex, Kirby},
	year = {2013},
	month = {04},
	date = {2013-04-17},
	journal = {Climate News Network}
}

@article{gertler2016,
	title = {The demand for energy-using assets among the world's rising middle classes},
	author = {Gertler, Paul J. and Shelef, Orie and Wolfram, Catherine D. and Fuchs, Alan},
	year = {2016},
	date = {2016},
	journal = {American Economic Review},
	pages = {1366{\textendash}1401},
	volume = {106},
	number = {6}
}

@article{specht2015,
	title = {Burning biodiversity: Fuelwood harvesting causes forest degradation in human-dominated tropical landscapes},
	author = {Specht, Maria Joana and Pinto, Severino Rodrigo Ribeiro and Albuquerque, Ulysses Paulino and Tabarelli, Marcelo and Melo, Felipe PL},
	year = {2015},
	date = {2015},
	journal = {Global Ecology and Conservation},
	pages = {200{\textendash}209},
	volume = {3},
	note = {Publisher: Elsevier}
}

@article{defries2010,
	title = {Deforestation driven by urban population growth and agricultural trade in the twenty-first century},
	author = {DeFries, Ruth S. and Rudel, Thomas and Uriarte, Maria and Hansen, Matthew},
	year = {2010},
	date = {2010},
	journal = {Nature Geoscience},
	pages = {178{\textendash}181},
	volume = {3},
	number = {3},
	note = {Publisher: Nature Publishing Group}
}

@book{hipel1994,
	title = {Time series modelling of water resources and environmental systems},
	author = {Hipel, Keith W. and McLeod, A. Ian},
	year = {1994},
	date = {1994},
	publisher = {Elsevier}
}

@article{zhang1998,
	title = {Forecasting with artificial neural networks:: The state of the art},
	author = {Zhang, Guoqiang and Eddy Patuwo, B. and Y. Hu, Michael},
	year = {1998},
	month = {03},
	date = {1998-03-01},
	journal = {International Journal of Forecasting},
	pages = {35--62},
	volume = {14},
	number = {1},
	doi = {10.1016/S0169-2070(97)00044-7},
	note = {Publisher: Elsevier}
}
